<record><leader>00000cas a22000007a 4500</leader><controlfield tag="001">22333413</controlfield><controlfield tag="008">900905d19261938ohuwr ne      0    0eng d</controlfield><datafield ind1=" " ind2=" " tag="010"><subfield code="a">sn 90068459 </subfield></datafield><datafield ind1=" " ind2=" " tag="040"><subfield code="a">ONP</subfield><subfield code="b">eng</subfield><subfield code="c">ONP</subfield><subfield code="d">OCLCQ</subfield></datafield><datafield ind1=" " ind2=" " tag="042"><subfield code="a">msc</subfield></datafield><datafield ind1="0" ind2=" " tag="130"><subfield code="a">Bedford times (Bedford, Ohio)</subfield></datafield><datafield ind1="1" ind2="0" tag="245"><subfield code="a">Bedford times.</subfield></datafield><datafield ind1=" " ind2=" " tag="260"><subfield code="a">Bedford, Ohio :</subfield><subfield code="b">Ralph W. Bell,</subfield><subfield code="c">1926-1938.</subfield></datafield><datafield ind1=" " ind2=" " tag="300"><subfield code="a">v.</subfield></datafield><datafield ind1=" " ind2=" " tag="310"><subfield code="a">Weekly</subfield></datafield><datafield ind1="0" ind2=" " tag="362"><subfield code="a">Vol. 1, no. 1 (Feb. 19, 1926)-v. 12, no. 13 (Apr. 29, 1938).</subfield></datafield><datafield ind1=" " ind2=" " tag="752"><subfield code="a">United States</subfield><subfield code="b">Ohio</subfield><subfield code="c">Cuyahoga</subfield><subfield code="d">Bedford.</subfield></datafield><datafield ind1="0" ind2="7" tag="785"><subfield code="t">Bedford news register and Maple Heights pioneer</subfield><subfield code="w">(DLC)sn 83035615</subfield></datafield><datafield ind1="0" ind2="7" tag="785"><subfield code="t">Bedford times-register and Maple Heights pioneer</subfield><subfield code="w">(DLC)sn 90068273</subfield></datafield></record>